@book{GKZ94,
  doi = {10.1007/978-0-8176-4771-1},
  year = {1994},
  publisher = {Birkh\"auser Boston},
  author = {Israel M. Gelfand and Mikhail M. Kapranov and Andrei V. Zelevinsky},
  title = {Discriminants, Resultants, and Multidimensional Determinants}
}

@article{BJ-03,
  doi = {10.1016/s0021-8693(03)00181-9},
  year = {2003},
  month = {Jul},
  publisher = {Elsevier BV},
  volume = {265},
  number = {1},
  pages = {312-357},
  author = {Laurent Bus\'e and Jean-Pierre Jouanolou},
  title = {On the closed image of a rational map and the implicitization problem},
  journal = {Journal of Algebra}
}

@Book{Har77,
  author = {Robin Hartshorne},
  title = {Algebraic geometry},
  publisher = {Springer-Verlag},
  year = {1977},
  address = {New York},
  isbn = {978-0387902449}
}

@Book{Eis95,
  author = {David Eisenbud},
  title = {Commutative algebra: with a view toward algebraic geometry},
  publisher = {Springer-Verlag},
  year = {1995},
  address = {New York},
  isbn = {978-0387942698}
}

@Book{Vak10,
  author = {Ravi Vakil},
  title = {Foundations of algebraic geometry},
  year = {2013},
  url = {http://math216.wordpress.com}
}

@book{BPT12,
  doi = {10.1137/1.9781611972290},
  year  = {2012},
  month = {Dec},
  publisher = {Society for Industrial and Applied Mathematics},
  editor = {Grigoriy Blekherman and Pablo A. Parrilo and Rekha R. Thomas},
  title = {Semidefinite Optimization and Convex Algebraic Geometry}
}

@Misc{M2,
          author = {Grayson, Daniel R. and Stillman, Michael E.},
          title = {Macaulay2, a software system for research 
                   in algebraic geometry},
          howpublished = {Available at 
              \href{http://www.math.uiuc.edu/Macaulay2/}%
                   {http://www.math.uiuc.edu/Macaulay2/}},
		year = {1993-2014}
        }

@book{BH98,
  title={Cohen-Macaulay Rings},
  author={Winfried Bruns and H. J{\"u}rgen Herzog},
  isbn={9780521566742},
  lccn={gb98053830},
  series={Cambridge Studies in Advanced Mathematics},
  url={http://books.google.com/books?id=LF6CbQk9uScC},
  year={1998},
  publisher={Cambridge University Press}
}

@article{BCD-03,
  doi = {10.1142/s0219498803000489},
  url = {http://dx.doi.org/10.1142/S0219498803000489},
  year  = {2003},
  month = {jun},
  publisher = {World Scientific Pub Co Pte Lt},
  volume = {02},
  number = {02},
  pages = {189--214},
  author = {Laurent Bus{\'{e}} and David Cox and Carlos D'Andrea},
  title = { {Implicitization} {of} {surfaces} {in} $\mathbb{P}^3$ {in} {the} {presence} {of} {base} {points} },
  journal = {J. Algebra Appl.}
}

@article{CGZ-00,
  doi = {10.1006/jsco.1999.0325},
  url = {http://dx.doi.org/10.1006/jsco.1999.0325},
  year  = {2000},
  month = {mar},
  publisher = {Elsevier {BV}},
  volume = {29},
  number = {3},
  pages = {419--440},
  author = {David Cox and Ronald Goldman and Ming Zhang},
  title = {On the Validity of Implicitization by Moving Quadrics for Rational Surfaces with No Base Points},
  journal = {Journal of Symbolic Computation}
}

@article{Wang-04,
  doi = {10.1016/j.jsc.2004.02.004},
  url = {http://dx.doi.org/10.1016/j.jsc.2004.02.004},
  year  = {2004},
  month = {Jul},
  publisher = {Elsevier {BV}},
  volume = {38},
  number = {1},
  pages = {899--914},
  author = {Dongming Wang},
  title = {A simple method for implicitizing rational curves and surfaces},
  journal = {Journal of Symbolic Computation}
}

@article{Cox-01,
  url = {arXiv:math/0010107v2},
  year = {2001},
  author = {David Cox},
  title = {Equations of Parametric Curves and Surfaces via Syzygies}
}

@article{Cox-93,
	url = {http://arxiv.org/abs/alg-geom/9210008},
	author = {David Cox},
	year = {1993},
	title = {The Homogeneous Coordinate Ring of a Toric Variety}
}

@article{Botbol-11,
  doi = {10.1016/j.jalgebra.2011.09.019},
  url = {http://dx.doi.org/10.1016/j.jalgebra.2011.09.019},
  year  = {2011},
  month = {dec},
  publisher = {Elsevier {BV}},
  volume = {348},
  number = {1},
  pages = {381--401},
  author = {Nicol{\'{a}}s Botbol},
  title = {The implicit equation of a multigraded hypersurface},
  journal = {Journal of Algebra}
}

@article{BCJ-09,
	title = {Torsion of the Symmetric Algebra and Implicitization},
	url = {http://www.jstor.org/stable/20535935},
	year = {2009},
	author = {Laurent Bus{\'{e}} and Marc Chardin and Jean-Pierre Jouanolou},
	journal = {Proceedings of the American Mathematical Society},
	pages = {1855--1865},
	volume = {137},
	number = {6}
}
	

@article{Cox-00b,
	url = {www.cs.amherst.edu/~dac/lectures/coxcimpa.pdf},
	author = {David Cox},
	year = {2000},
	title = {Lectures on Toric Varieties}
}

@article{MS-03,
	url = {arxiv},
	year = {2003},
	author = {Diane MacLagan and Greg Smith}
}

@inproceedings{SC-95,
  author    = {Thomas W. Sederberg and Falai Chen},
  title     = {Implicitization using moving curves and surfaces},
  booktitle = {{SIGGRAPH}},
  pages     = {301--308},
  year      = {1995},
  url       = {http://doi.acm.org/10.1145/218380.218460},
  doi       = {10.1145/218380.218460},
  timestamp = {Mon, 09 Dec 2002 13:28:51 +0100},
  biburl    = {http://dblp.uni-trier.de/rec/bib/conf/siggraph/SederbergC95},
  bibsource = {dblp computer science bibliography, http://dblp.org}
}